<?xml version="1.0" encoding="UTF-8"?>
<collection xmlns:xsi="http://www.w3.org/2001/XMLSchema-instance" xsi:schemaLocation="http://www.loc.gov/MARC21/slim http://www.loc.gov/standards/marcxml/schema/MARC21slim.xsd" xmlns="http://www.loc.gov/MARC21/slim">
<record>
  <leader>00922cam a2200241 i 4500</leader>
  <controlfield tag="001">678209</controlfield>
  <controlfield tag="003">NNC</controlfield>
  <controlfield tag="005">20100309232000.0</controlfield>
  <controlfield tag="008">850617m19811982ir       d    00010 ara d</controlfield>
  <datafield tag="035" ind1=" " ind2=" ">
    <subfield code="a">(OCoLC)13888747</subfield>
  </datafield>
  <datafield tag="035" ind1=" " ind2=" ">
    <subfield code="a">(OCoLC)ocm13888747</subfield>
  </datafield>
  <datafield tag="035" ind1=" " ind2=" ">
    <subfield code="a">(CStRLIN)NYCG88-B64403</subfield>
  </datafield>
  <datafield tag="035" ind1=" " ind2=" ">
    <subfield code="9">ACY7102CU</subfield>
  </datafield>
  <datafield tag="035" ind1=" " ind2=" ">
    <subfield code="a">(NNC)678209</subfield>
  </datafield>
  <datafield tag="040" ind1=" " ind2=" ">
    <subfield code="a">NN</subfield>
    <subfield code="c">NN</subfield>
  </datafield>
  <datafield tag="041" ind1="0" ind2=" ">
    <subfield code="a">araper</subfield>
  </datafield>
  <datafield tag="100" ind1="1" ind2="0">
    <subfield code="a">Shahābī, ʻAlī Akbar.</subfield>
  </datafield>
  <datafield tag="245" ind1="1" ind2="0">
    <subfield code="a">Farhang-i ishtiqāqī-i ʻArabī bi-Fārsī :</subfield>
    <subfield code="b">mushtamil bar maʻānī-i qarīb-i hasht hizār lughat-i ʻArabī mutidāvil dar zabān-i Fārsī dar ṭayy-i qurūn-i mutimādī bā z̲ikr-i digargunīhā dar lafẓ va maʻnī /</subfield>
    <subfield code="c">taʾlīf-i ʻAlī Akbar Shahābī.</subfield>
  </datafield>
  <datafield tag="260" ind1="0" ind2=" ">
    <subfield code="a">Tihrān :</subfield>
    <subfield code="b">Iqbāl,</subfield>
    <subfield code="c">1360 [1981 or 1982]</subfield>
  </datafield>
  <datafield tag="300" ind1=" " ind2=" ">
    <subfield code="a">20,212 p. ;</subfield>
    <subfield code="c">25 cm.</subfield>
  </datafield>
  <datafield tag="500" ind1=" " ind2=" ">
    <subfield code="a">Arabic or Persian.</subfield>
  </datafield>
  <datafield tag="650" ind1=" " ind2="0">
    <subfield code="a">Arabic language</subfield>
    <subfield code="x">Dictionaries</subfield>
    <subfield code="x">Persian.</subfield>
  </datafield>
  <datafield tag="955" ind1=" " ind2=" ">
    <subfield code="b">CU59595639</subfield>
    <subfield code="d">off,glx</subfield>
    <subfield code="e">ME09434</subfield>
  </datafield>
</record>
</collection>